% En esta parte deben indicarse cuales serán las fuentes documentales que se utilizarán como soporte para la investigación. Esta parte del proyecto también sirve a los asesores para indagar qué tanto conoce el alumno sobre sus fuentes de investigación y del propio tema. Conviene destacar que no existe un número específico de fuentes documentales que deba mencionar el alumno, pero el asesor tendrá que evaluar si son suficientes de acuerdo con el tema. Algunas instituciones exigen incluir por lo menos 10 referencias bibliográficas en el proyecto de tesis.

% Si no se utiliza el comando cite \cite{Tesis} en el cuerpo del documento no aparecerá el libro en la pagina de bibliografía al final del documento.

 
@book{Tesis,
    author    = {{Carlos Muñoz Razo}},
    title     = "Cómo elaborar y asesorar una investigación de tesis 2nda Edición",
    date      = "2012",
    publisher = "Pearson Educación de México",
    address   = "México D.F."
} 
 
@article{Leopoldo,
    author    = {{Dr. Leopoldo A. Galindo Soria}},
    title     = "Una metodología para el desarrollo y redacción de un proyecto de tesis",
    date      = "2015",
    url       = "Programa de posgrado de Ingeniería en Sistemas"
}

@article{NOM,
    author    = {{SEGOB}},
    date      = "2012",
    title     = "NORMA Oficial Mexicana NOM-001-SEDE-2012, Instalaciones Eléctricas (utilización)",
    url       = "http://dof.gob.mx/nota_detalle.php?codigo=5280607&fecha=29/11/2012"
}

@book{html,
    author    = {{Ross Shannon}},
    title     = "HTML y CSS",
    date      = "2010",
    publisher = "Anaya Multimedia",
    address   = "Estados Unidos"
}

@article{Dedicatoria,
    author    = {{Redacción Ejemplode}},
    title     = "Ejemplos de dedicatorias",
    date      = "2015",
    url       = "http://www.ejemplode.com/13-ciencia/2743-ejemplo_de_dedicatoria_de_tesis.html"
}


@article{AC,
    author    ={{AllAboutCircuits}},
    date      = "2015",
    title     = "Introducción a Teoría de C.A.",
    url       = "http://www.allaboutcircuits.com/textbook/alternating-current/chpt-11/power-resistive-reactive-ac-circuits/"
}

 